@electronic{HQ,
  author = {{SICK AG}},
  year   = {2022},
  title  = {Hauptsitz der SICK AG in Waldkirch},
  url    = {https://brand.sick.com/document/29/en/show/eyJpZCI6NDc2NSwidGltZXN0YW1wIjoiMTY2MTg2MzM2NCJ9:sick:iiAbosXX-Yux5R-F0QvscxQ1_IRI6DR0rQvLcOxLCfM}
}
@electronic{umsatz,
  author = {{SICK AG}},
  year   = {2022},
  title  = {SICK auf einen Blick: Die Kennzahlen des SICK-Konzerns nach IFRS},
  url    = {https://www.sick.com/de/de/investor-relations-der-sick-ag/die-kennzahlen-des-sick-konzerns-nach-ifrs/w/key/}
}
@electronic{orga,
  author = {{SICK AG}},
  year   = {2022},
  title  = {Wie ist SICK organisiert? Wie arbeiten wir zusammen?},
  url    = {https://mosaicplus.sick.com/pages/viewpage.action?pageId=98412937#expand-WieistSICKorganisiertWiearbeitenwirzusammen}
}
@electronic{organigramm,
  author = {{SICK AG}},
  year   = {2022},
  title  = {Unternehmenspräsentation},
  url    = {https://mosaicplus.sick.com/pages/viewpage.action?pageId=150319132#expand-Unternehmenswebsite}
}
@electronic{gbc02,
  author = {{SICK AG}},
  year   = {2022},
  title  = {GBC02 Präsentation},
  url    = {https://mosaicplus.sick.com/pages/viewpage.action?pageId=58878707#tab-Research+%26+Development}
}
@electronic{dat1.0,
  author = {{SICK AG}},
  year   = {2022},
  title  = {Return Delivery Diagnostics Tool (DAT)},
  url    = {https://mosaicplus.sick.com/pages/viewpage.action?pageId=95272927#tab-Overview}
}
@electronic{tsdRep,
  author = {{SICK AG}},
  year   = {2022},
  title  = {TSD Reporting},
  url    = {http://deagxcuewebp02.sickcn.net/TSD-Reporting/Reporting_Controls/SearchParams.aspx}
}
@electronic{dashboardPre,
  author = {{SICK AG}},
  year   = {2021},
  title  = {DAT Dashboard},
  url    = {http://csxsmartdat.sickcn.net/Dashboard}
}
@electronic{dat_pruefbare_geraete,
  author = {{SICK AG}},
  year   = {2022},
  title  = {Prüfbare Geräte und Testsysteme},
  url    = {https://mosaicplus.sick.com/pages/viewpage.action?pageId=128230140}
}
@electronic{smartDat-presentation-1,
  author = {{SICK AG}},
  year   = {2022},
  title  = {smartDAT},
  url    = {https://mosaicplus.sick.com/download/attachments/762583434/202112_smartDAT_Introduction%20%283%29%20%281%29%20%281%29%20%281%29.pptx?version=1&modificationDate=1649677640165&api=v2}
}
@electronic{smartDat-presentation-2,
  author = {{SICK AG}},
  year   = {2020},
  title  = {smartDat Introduction Presentation},
  url    = {https://mosaicplus.sick.com/display/SDATSC/smartDAT+Introduction},
  note   = {[Online; accessed 20. Sept. 2022]}
}
@electronic{sdat-konzept,
  author = {{SICK AG}},
  year   = {2020},
  title  = {DAT2.0 Next Generation},
  url    = {https://mosaicplus.sick.com/display/wsSMRTDT/smartDAT+-+The+smart+Diagnostic+and+Analysis+Tool},
  note   = {[Online; accessed 20. Sept. 2022]}
}
@electronic{lars,
  author = {Lars Albrecht},
  year   = {2018},
  title  = {Die Entstehung des smartDAT oder die Frage: Was wird smart am DAT?},
  url    = {https://mosaicplus.sick.com/display/wsSMRTDT/smartDAT+-+The+smart+Diagnostic+and+Analysis+Tool},
  note   = {[Online; accessed 20. Sept. 2022]}
}
@book{penberthy,
  author    = {William Penberthy},
  year      = {2016},
  title     = {Beginning ASP.NET for Visual Studio 2015},
  publisher = {Wiley}
}
@electronic{geeks1,
  author = {GeeksforGeeks},
  year   = {2022},
  title  = {Difference Between Web application and Website},
  url    = {https://www.geeksforgeeks.org/difference-between-web-application-and-website/},
  note   = {[Online; accessed 21. Sept. 2022]}
}
@electronic{startup,
  author = {startup-creator},
  year   = {2021},
  title  = {Website vs Web App - Was eignet sich für ihre Idee?},
  url    = {https://startup-creator.com/web-entwicklung/website-vs-web-app/#:~:text=Abh%C3%A4ngig%20vom%20Umfang%20der%20Funktionen,mit%20einigen%20Monaten%20gerechnet%20werden.},
  note   = {[Online; accessed 21. Sept. 2022]}
}
@electronic{microsoft-asp,
  author = {Microsoft},
  year   = {2022},
  title  = {ASP.NET},
  url    = {https://dotnet.microsoft.com/en-us/apps/aspnet},
  note   = {[Online; accessed 21. Sept. 2022]}
}
@electronic{microsoft-razor,
  author = {Microsoft},
  year   = {2022},
  title  = {ASP.NET Web Apps},
  url    = {https://dotnet.microsoft.com/en-us/apps/aspnet/web-apps},
  note   = {[Online; accessed 21. Sept. 2022]}
}
@electronic{fireship,
  author = {Fireship},
  year   = {2021},
  title  = {CSharp in 100 Seconds},
  url    = {https://www.youtube.com/watch?v=ravLFzIguCM&t=42s},
  note   = {[Online; accessed 21. Sept. 2022]}
}
@electronic{json.de,
  author = {{json.org}},
  year   = {2022},
  title  = {Einführung in JSON},
  url    = {https://www.json.org/json-de.html},
  note   = {[Online; accessed 25. Sept. 2022]}
}
@misc{challenges,
  author = {{Eventura}},
  year   = {2023},
  title  = {Top 11 Challenges Facing Businesses in 2023},
  url    = {https://eventura.com/business-advice/top-11-challenges-facing-businesses-in-2023/},
  note   = {[accessed 15. Sept. 2023]}
}
@misc{sick_infos,
  author = {{SICK AG}},
  year   = {2023},
  title  = {Über SICK},
  url    = {https://www.sick.com/de/de/ueber-sick/w/about-sick/},
  note   = {[accessed 10. Sept. 2023]}
}
@misc{sick_orga,
  author = {{SICK AG}},
  year   = {2023},
  title  = {Wie ist SICK organisiert? Wie arbeiten wir zusammen?},
  url    = {https://mosaicplus.sick.com/pages/viewpage.action?pageId=98412937#expand-WieistSICKorganisiertWiearbeitenwirzusammen},
  note   = {[accessed 10. Sept. 2023]}
}
@misc{sick_organigramm,
  author = {{SICK AG}},
  year   = {2023},
  title  = {Unternehmenspräsentation},
  url    = {https://mosaicplus.sick.com/pages/viewpage.action?pageId=150319132#expand-Unternehmensprsentation},
  note   = {[accessed 10. Sept. 2023]}
}
@misc{vorteile_bpm,
  author = {{Julie Wayaffe}},
  year   = {2023},
  title  = {10 Vorteile von Business Process Management (BPM) für Unternehmen und Organisationen},
  url    = {https://insights.mgm-tp.com/de/10-vorteile-business-process-management/},
  note   = {[accessed 11. Sept. 2023]}
}
@book{havey,
  author = {{Michael Havey}},
  year   = {2005},
  title  = {Essential Business Process Modeling}
}
@book{nordsieck,
  author = {{Fritz Nordsieck}},
  year   = {1934},
  title  = {Grundlagen der Organisationslehre},
  note   = {[p. 76]}
}
@book{bpoffshoring,
  author = {{Houssem Jemili}},
  year   = {2011},
  title  = {Business Process Offshoring},
  note   = {[p. 14]}
}
@book{grundlagen_bpm,
  author = {{Marlon Dumas; Marcello La Rosa; Jan Mendling; Hajo A. Reijers}},
  year   = {2023},
  title  = {Grundlagen des Geschäftsprozessmanagements},
  note   = {[German Edition, p. 4]}
}
@misc{bpm_lifecycle,
  author = {{yworks}},
  year   = {2023},
  title  = {Diagramming for Business Process Management},
  url    = {https://www.yworks.com/solutions/business-process-management},
  note   = {[accessed 15. Sept. 2023]}
}
@book{grundlagen_bpm_2,
  author = {{Marlon Dumas; Marcello La Rosa; Jan Mendling; Hajo A. Reijers}},
  year   = {2023},
  title  = {Grundlagen des Geschäftsprozessmanagements},
  note   = {[German Edition, p. 7]}
}
@misc{bpm_1,
  author = {{Milad Safar}},
  year   = {n.d.},
  title  = {Geschäftsprozessmanagement als wichtiger Erfolgsbaustein in Unternehmen},
  url    = {https://weissenberg-group.de/geschaeftsprozessmanagement-als-wichtiger-erfolgsbaustein-in-unternehmen/},
  note   = {[accessed 11. Sept. 2023]}
}
@misc{bpm_2,
  author = {{gbtec.com}},
  year   = {n.d.},
  title  = {An Introduction to Business Process Management (BPM)},
  url    = {https://www.gbtec.com/resources/bpm-business-process-management/},
  note   = {[accessed 11. Sept. 2023]}
}
@misc{low-code,
  author = {{Scheer | Pas}},
  year   = {n.d.},
  title  = {Low-Code Applikationsentwicklung},
  url    = {https://www.scheer-pas.com/low-code-applikationsentwicklung/},
  note   = {[accessed 11. Sept. 2023]}
}
@misc{intrexx,
  author = {{Intrexx}},
  year   = {n.d.},
  title  = {Über Intrexx},
  url    = {https://www.intrexx.com/},
  note   = {[accessed 11. Sept. 2023]}
}
@misc{mpa,
  author = {{Microsoft}},
  year   = {n.d.},
  title  = {Erledigen Sie das Wichtigste. Automatisieren Sie den Rest.},
  url    = {https://powerautomate.microsoft.com/de-de/},
  note   = {[accessed 11. Sept. 2023]}
}